@article{Ghodsi:2013bc,
author = {Ghodsi, Mohammadreza and Hill, Christopher M and Astrovskaya, Irina and Lin, Henry and Sommer, Dan D and Koren, Sergey and Pop, Mihai},
title = {{De novo likelihood-based measures for comparing genome assemblies.}},
journal = {BMC research notes},
year = {2013},
volume = {6},
number = {1},
pages = {334},
month = aug
}

@article {Sturtevant:1913,
author = {Sturtevant, A. H.},
title = {The linear arrangement of six sex-linked factors in Drosophila, as shown by their mode of association},
journal = {Journal of Experimental Zoology},
volume = {14},
number = {1},
publisher = {Wiley Subscription Services, Inc., A Wiley Company},
issn = {1097-010X},
url = {http://dx.doi.org/10.1002/jez.1400140104},
doi = {10.1002/jez.1400140104},
pages = {43--59},
year = {1913},
}

@article {Eckert:2012a,
author = {Eckert, Andrew J. and Dyer, Rodney J.},
title = {Defining the landscape of adaptive genetic diversity},
journal = {Molecular Ecology},
volume = {21},
number = {12},
publisher = {Blackwell Publishing Ltd},
issn = {1365-294X},
url = {http://dx.doi.org/10.1111/j.1365-294X.2012.05615.x},
doi = {10.1111/j.1365-294X.2012.05615.x},
pages = {2836--2838},
keywords = {adaptive traits, conifers, fitness landscape, genome-wide association, serotiny},
year = {2012},
}

@article {Kawecki:2004,
author = {Kawecki, Tadeusz J. and Ebert, Dieter},
title = {Conceptual issues in local adaptation},
journal = {Ecology Letters},
volume = {7},
number = {12},
publisher = {Blackwell Science Ltd},
issn = {1461-0248},
url = {http://dx.doi.org/10.1111/j.1461-0248.2004.00684.x},
doi = {10.1111/j.1461-0248.2004.00684.x},
pages = {1225--1241},
keywords = {Adaptive deme formation, adaptive evolution, coevolution, heterogeneous environments, gene flow, metapopulations, natural selection, population differentiation, reciprocal transplant, review},
year = {2004},
}

@article {Pannell:2013,
author = {Pannell, John R. and Fields, Peter D.},
title = {Evolution in subdivided plant populations: concepts, recent advances and future directions},
journal = {New Phytologist},
issn = {1469-8137},
url = {http://dx.doi.org/10.1111/nph.12495},
doi = {10.1111/nph.12495},
pages = {n/a--n/a},
year = {2013},
}